@book{Liu2013,
    title={LATEX入门},
    author={刘海洋},
    publisher={电子工业出版社},
    year={2013},
}

